<record><leader>00000cas a22000007a 4500</leader><controlfield tag="001">15477162</controlfield><controlfield tag="008">870402c19379999nyuwr ne      0    0eng d</controlfield><datafield ind1=" " ind2=" " tag="010"><subfield code="a">sn 87028301 </subfield></datafield><datafield ind1=" " ind2=" " tag="040"><subfield code="a">NYS</subfield><subfield code="b">eng</subfield><subfield code="c">NYS</subfield><subfield code="d">NYG</subfield><subfield code="d">NYS</subfield><subfield code="d">OCLCQ</subfield><subfield code="d">NYG</subfield><subfield code="d">OCLCQ</subfield><subfield code="d">OCLCF</subfield><subfield code="d">OCLCO</subfield></datafield><datafield ind1="1" ind2=" " tag="029"><subfield code="a">AU@</subfield><subfield code="b">000025623255</subfield></datafield><datafield ind1=" " ind2=" " tag="042"><subfield code="a">msc</subfield></datafield><datafield ind1=" " ind2=" " tag="043"><subfield code="a">n-us-ny</subfield></datafield><datafield ind1="0" ind2="4" tag="245"><subfield code="a">The Highland mid-Hudson post.</subfield></datafield><datafield ind1="1" ind2="7" tag="246"><subfield code="a">Hudson Valley newspapers</subfield><subfield code="f">&lt;1992&gt;</subfield></datafield><datafield ind1=" " ind2=" " tag="260"><subfield code="a">Highland, N.Y. :</subfield><subfield code="b">Will Plank,</subfield><subfield code="c">1937-</subfield></datafield><datafield ind1=" " ind2=" " tag="300"><subfield code="a">v.</subfield></datafield><datafield ind1=" " ind2=" " tag="310"><subfield code="a">Weekly</subfield></datafield><datafield ind1="0" ind2=" " tag="362"><subfield code="a">51st year, no. 21 (Apr. 29, 1937)-</subfield></datafield><datafield ind1=" " ind2=" " tag="500"><subfield code="a">Published every Thursday.</subfield></datafield><datafield ind1=" " ind2=" " tag="500"><subfield code="a">Publishers: W. Plank, Apr. 1937-Oct. 1941; P. Walsh, Oct. 1941-Mar. 1943; E.H. Plank, Apr. 1943- ; owned 1941- by Hudson Valley Press.</subfield></datafield><datafield ind1=" " ind2=" " tag="530"><subfield code="a">Available on microfilm from the New York State Library.</subfield></datafield><datafield ind1=" " ind2="0" tag="651"><subfield code="a">Highland (N.Y.)</subfield><subfield code="v">Newspapers.</subfield></datafield><datafield ind1=" " ind2="7" tag="655"><subfield code="a">Newspapers.</subfield><subfield code="2">fast</subfield><subfield code="0">(OCoLC)fst01423814</subfield></datafield><datafield ind1=" " ind2="7" tag="651"><subfield code="a">New York (State)</subfield><subfield code="z">Highland.</subfield><subfield code="2">fast</subfield><subfield code="0">(OCoLC)fst01256056</subfield></datafield><datafield ind1=" " ind2=" " tag="752"><subfield code="a">United States</subfield><subfield code="b">New York</subfield><subfield code="c">Ulster</subfield><subfield code="d">Highland.</subfield></datafield><datafield ind1="0" ind2="0" tag="780"><subfield code="t">Mid-Hudson post combined with the Highland post</subfield><subfield code="w">(DLC)sn 87028300</subfield><subfield code="w">(OCoLC)15477142</subfield></datafield></record>